
@article{newman_fast_2001,
	title = {Fast {Monte} {Carlo} algorithm for site or bond percolation},
	volume = {64},
	issn = {1063-651X, 1095-3787},
	url = {https://link.aps.org/doi/10.1103/PhysRevE.64.016706},
	doi = {10.1103/PhysRevE.64.016706},
	language = {en},
	number = {1},
	urldate = {2020-10-28},
	journal = {Physical Review E},
	author = {Newman, M. E. J. and Ziff, R. M.},
	month = jun,
	year = {2001},
	pages = {016706},
}

@article{hoshen_percolation_1976,
	title = {Percolation and cluster distribution. {I}. {Cluster} multiple labeling technique and critical concentration algorithm},
	volume = {14},
	url = {https://link.aps.org/doi/10.1103/PhysRevB.14.3438},
	doi = {10.1103/PhysRevB.14.3438},
	number = {8},
	urldate = {2020-10-28},
	journal = {Physical Review B},
	author = {Hoshen, J. and Kopelman, R.},
	month = oct,
	year = {1976},
	pages = {3438--3445},
}

@article{mello_epidemics_2020,
	title = {Epidemics, the {Ising}-model and percolation theory: a comprehensive review focussed on {Covid}-19},
	shorttitle = {Epidemics, the {Ising}-model and percolation theory},
	url = {http://arxiv.org/abs/2003.11860},
	urldate = {2020-10-28},
	journal = {arXiv:2003.11860 [cond-mat, physics:physics, q-bio]},
	author = {Mello, Isys F. and Squillante, Lucas and Gomes, Gabriel O. and Seridonio, Antonio C. and de Souza, M.},
	month = jun,
	year = {2020},
	note = {arXiv: 2003.11860},
	keywords = {Quantitative Biology - Populations and Evolution, Condensed Matter - Statistical Mechanics, Physics - Physics and Society},
}

@book{stauffer_introduction_2003,
	edition = {2nd},
	title = {Introduction to {Percolation} {Theory}},
	publisher = {Taylor \& Francis},
	author = {Stauffer, Dietrich and Aharony, Amnon},
	year = {1994},
}

@misc{scipy_community_multidimensional_nodate,
	title = {Multidimensional image processing (scipy.ndimage) â€” {SciPy} v1.5.3 {Reference} {Guide}},
	url = {https://docs.scipy.org/doc/scipy/reference/ndimage.html},
	urldate = {2020-10-30},
	author = {{SciPy Community}},
	year = {2020},
}

@article{li_percolation_2015,
	title = {Percolation transition in dynamical traffic network with evolving critical bottlenecks},
	volume = {112},
	issn = {0027-8424, 1091-6490},
	url = {https://www.pnas.org/content/112/3/669},
	doi = {10.1073/pnas.1419185112},
	number = {3},
	urldate = {2020-10-30},
	journal = {Proceedings of the National Academy of Sciences},
	author = {Li, Daqing and Fu, Bowen and Wang, Yunpeng and Lu, Guangquan and Berezin, Yehiel and Stanley, H. Eugene and Havlin, Shlomo},
	month = jan,
	year = {2015},
	pmid = {25552558},
	keywords = {emergence, percolation, traffic},
	pages = {669--672},
}

@article{alexander_superconductivity_1983,
	title = {Superconductivity of networks. {A} percolation approach to the effects of disorder},
	volume = {27},
	url = {https://link.aps.org/doi/10.1103/PhysRevB.27.1541},
	doi = {10.1103/PhysRevB.27.1541},
	number = {3},
	urldate = {2020-10-30},
	journal = {Physical Review B},
	author = {Alexander, S.},
	month = feb,
	year = {1983},
	pages = {1541--1557},
}

@book{yeomans_statistical_1992,
	address = {Oxford [England] : New York},
	series = {Oxford science publications},
	title = {Statistical mechanics of phase transitions},
	isbn = {9780198517306 9780198517290},
	publisher = {Clarendon Press ; Oxford University Press},
	author = {Yeomans, J. M.},
	year = {1992},
	keywords = {Phase transformations (Statistical physics)},
}

@article{Jacobsen_2015,
	doi = {10.1088/1751-8113/48/45/454003},
	url = {https://doi.org/10.1088\%2F1751-8113\%2F48\%2F45\%2F454003},
	year = 2015,
	month = {oct},
	publisher = {{IOP} Publishing},
	volume = {48},
	number = {45},
	pages = {454003},
	author = {Jesper Lykke Jacobsen},
	title = {Critical points of Potts and O(N) models from eigenvalue identities in periodic Temperley{\textendash}Lieb algebras},
	journal = {Journal of Physics A: Mathematical and Theoretical},
}

@article{rapaport_multi-million_1991,
	title = {Multi-million particle molecular dynamics},
	volume = {62},
	issn = {00104655},
	url = {https://linkinghub.elsevier.com/retrieve/pii/0010465591900964},
	doi = {10.1016/0010-4655(91)90096-4},
	number = {2-3},
	urldate = {2020-10-30},
	journal = {Computer Physics Communications},
	author = {Rapaport, D.C.},
	month = mar,
	year = {1991},
	pages = {217--228},
}

@article{wu_optimizing_2005,
	title = {Optimizing Connected Component Labeling Algorithms},
	url = {https://escholarship.org/uc/item/7jg5d1zn},
	urldate = {2020-11-02},
	author = {Wu, Kesheng and Otoo, Ekow and Shoshani, Arie},
	month = jan,
	year = {2005},
	journal = {LBNL},
	series = {Lawrence Berkeley National Laboratory}
}

